@misc{goel2022itsrawaudiogeneration,
      title={It's Raw! Audio Generation with State-Space Models}, 
      author={Karan Goel and Albert Gu and Chris Donahue and Christopher Ré},
      year={2022},
      eprint={2202.09729},
      archivePrefix={arXiv},
      primaryClass={cs.SD},
      url={https://arxiv.org/abs/2202.09729}, 
}
@misc{gu2022efficientlymodelinglongsequences,
      title={Efficiently Modeling Long Sequences with Structured State Spaces}, 
      author={Albert Gu and Karan Goel and Christopher Ré},
      year={2022},
      eprint={2111.00396},
      archivePrefix={arXiv},
      primaryClass={cs.LG},
      url={https://arxiv.org/abs/2111.00396}, 
}
@article{https://doi.org/10.7916/d8n58mhv,
  doi = {10.7916/D8N58MHV},
  url = {https://academiccommons.columbia.edu/doi/10.7916/D8N58MHV},
  author = {Raffel,  Colin},
  keywords = {Signal processing,  Neural networks (Computer science),  Machine learning,  Computer science,  Music,  Electrical engineering},
  title = {Learning-Based Methods for Comparing Sequences,  with Applications to Audio-to-MIDI Alignment and Matching},
  publisher = {Columbia University},
  year = {2016}
}